@Article{pitzerImpactChangesDiagnostic2020,
  title = {The Impact of Changes in Diagnostic Testing Practices on Estimates of {{COVID}}-19 Transmission in the {{United States}}},
  author = {Virginia E. Pitzer and Melanie Chitwood and Joshua Havumaki and Nicolas A. Menzies and Stephanie Perniciaro and Joshua L. Warren and Daniel M. Weinberger and Ted Cohen},
  year = {2020},
  month = {apr},
  pages = {2020.04.20.20073338},
  publisher = {{Cold Spring Harbor Laboratory Press}},
  doi = {10.1101/2020.04.20.20073338},
  copyright = {\textcopyright{} 2020, Posted by Cold Spring Harbor Laboratory. This pre-print is available under a Creative Commons License (Attribution 4.0 International), CC BY 4.0, as described at http://creativecommons.org/licenses/by/4.0/},
  file = {C\:\\Users\\chris_hoover\\Zotero\\storage\\JSJQ2INL\\Pitzer et al. - 2020 - The impact of changes in diagnostic testing practi.pdf;C\:\\Users\\chris_hoover\\Zotero\\storage\\7SCCSZFD\\2020.04.20.html},
  journal = {medRxiv},
  language = {en},
}
@Article{gosticPracticalConsiderationsMeasuring2020,
  title = {Practical Considerations for Measuring the Effective Reproductive Number, {{Rt}}},
  author = {Katelyn M. Gostic and Lauren McGough and Edward Baskerville and Sam Abbott and Keya Joshi and Christine Tedijanto and Rebecca Kahn and Rene Niehus and James A. Hay and Pablo M. De Salazar and Joel Hellewell and Sophie Meakin and James Munday and Nikos Bosse and Katharine Sherratt and Robin M. Thompson and Laura F. White and Jana Huisman and J{\a'e}r{\a'e}mie Scire and Sebastian Bonhoeffer and Tanj Stadler and Jacco Wallinga and Sebastian Funk and Marc Lipsitch and Sarah Cobey},
  year = {2020},
  month = {jun},
  pages = {2020.06.18.20134858},
  publisher = {{Cold Spring Harbor Laboratory Press}},
  doi = {10.1101/2020.06.18.20134858},
  copyright = {\textcopyright{} 2020, Posted by Cold Spring Harbor Laboratory. This pre-print is available under a Creative Commons License (Attribution 4.0 International), CC BY 4.0, as described at http://creativecommons.org/licenses/by/4.0/},
  file = {C\:\\Users\\chris_hoover\\Zotero\\storage\\8ZQIPKER\\Gostic et al. - 2020 - Practical considerations for measuring the effecti.pdf;C\:\\Users\\chris_hoover\\Zotero\\storage\\WGK3DNK3\\2020.06.18.html},
  journal = {medRxiv},
  language = {en},
}
@Article{coriNewFrameworkSoftware2013,
  title = {A {{New Framework}} and {{Software}} to {{Estimate Time}}-{{Varying Reproduction Numbers During Epidemics}}},
  author = {Anne Cori and Neil M. Ferguson and Christophe Fraser and Simon Cauchemez},
  year = {2013},
  month = {nov},
  volume = {178},
  pages = {1505--1512},
  publisher = {{Oxford Academic}},
  issn = {0002-9262},
  doi = {10.1093/aje/kwt133},
  file = {C\:\\Users\\chris_hoover\\Zotero\\storage\\EAZQ9TWF\\Cori et al. - 2013 - A New Framework and Software to Estimate Time-Vary.pdf;C\:\\Users\\chris_hoover\\Zotero\\storage\\6327PAWE\\89262.html},
  journal = {American Journal of Epidemiology},
  language = {en},
  number = {9},
}
